% !TEX encoding = IsoLatin

% La bibliografia, da inserirsi solo se ci sono state citazioni.
% In questo caso ricordarsi che bisogna sempre elaborare due volte il file .TEX
% perché la prima volta viene generata la bibliografia mentre la seconda volta viene inclusa

% NOTA: citare il DOI non è obbligatorio ma MOLTO desiderabile

% esempio citazione articolo a congresso
@inproceedings{costeffective,
  author={Packer,T. L. and Embley,D. W.},
  title = {Cost effective ontology population with data from lists in ocred historical documents},
  booktitle = {Proceedings of the 2nd International Workshop on Historical Document Imaging and Processing},
  year = {2013},
  pages = {44--52},
  doi ={10.1145/2501115.2501132}
}

@inproceedings{ImprovingNE,
  title={Improving Named Entity Recognition using Deep Learning with Human in the Loop},
  author={T. L. C. D. Silva and Regis Pires Magalh{\~a}es and J. Mac{\^e}do and David Ara{\'u}jo and Natanael Ara{\'u}jo and Vinicius de Melo and Pedro Ol{\'i}mpio and P. Rego and A. V. L. Neto},
  booktitle={EDBT},
  year={2019}
}

@inproceedings{regexEngines,
author = {Davis, James},
year = {2019},
month = {08},
pages = {1256-1258},
title = {Rethinking Regex engines to address ReDoS},
isbn = {978-1-4503-5572-8},
doi = {10.1145/3338906.3342509}
}

% esempio citazione pagina web di un progetto
@misc{nowTwoProblems,
  author={{IQAndreas}},
  note={\url{https://softwareengineering.stackexchange.com/questions/223634/what-is-meant-by-now-you-have-two-problems}}
}

% esempio citazione pagina web di un progetto
@misc{spacyThinc,
  author={{ExplosionAI GmbH}},
  note={\url{https://thinc.ai/docs/usage-frameworks}}
}

@book{machineLearningBook,
author = {Flach, Peter},
title = {Machine Learning: The Art and Science of Algorithms That Make Sense of Data},
year = {2012},
isbn = {1107422221},
publisher = {Cambridge University Press},
address = {USA},
abstract = {As one of the most comprehensive machine learning texts around, this book does justice
to the field's incredible richness, but without losing sight of the unifying principles.
Peter Flach's clear, example-based approach begins by discussing how a spam filter
works, which gives an immediate introduction to machine learning in action, with a
minimum of technical fuss. Flach provides case studies of increasing complexity and
variety with well-chosen examples and illustrations throughout. He covers a wide range
of logical, geometric and statistical models and state-of-the-art topics such as matrix
factorisation and ROC analysis. Particular attention is paid to the central role played
by features. The use of established terminology is balanced with the introduction
of new and useful concepts, and summaries of relevant background material are provided
with pointers for revision if necessary. These features ensure Machine Learning will
set a new standard as an introductory textbook.}
}

@inproceedings{HowToInvestMyTime,
author = {Zhang, Shanshan and He, Lihong and Dragut, Eduard and Vucetic, Slobodan},
title = {How to Invest My Time: Lessons from Human-in-the-Loop Entity Extraction},
year = {2019},
isbn = {9781450362016},
publisher = {Association for Computing Machinery},
address = {New York, NY, USA},
url = {https://doi.org/10.1145/3292500.3330773},
doi = {10.1145/3292500.3330773},
pages = {2305?2313},
numpages = {9},
keywords = {neural networks, human-in-the-loop, entity extraction, regex},
location = {Anchorage, AK, USA},
series = {KDD '19}
}

@INPROCEEDINGS{RegexesAreHard,
  author={Michael, Louis G. and Donohue, James and Davis, James C. and Lee, Dongyoon and Servant, Francisco},
  booktitle={2019 34th IEEE/ACM International Conference on Automated Software Engineering (ASE)}, 
  title={Regexes are Hard: Decision-Making, Difficulties, and Risks in Programming Regular Expressions}, 
  year={2019},
  volume={},
  number={},
  pages={415-426},
  doi={10.1109/ASE.2019.00047}
  }


% esempio citazione articolo a congresso
@inproceedings{psisec,
  author={Enrici,Ivan and Ancilli,Mario and Lioy,Antonio},
  title = {A psychological approach to information technology security},
  booktitle = {HSI-2010: 3rd Int. Conf. on Human System Interactions},
  address = {Rzeszòw (Poland)},
  year = {May 13-15, 2010},
  pages = {459--466},
  doi ={10.1109/HSI.2010.5514528}
}

% esempio citazione articolo su rivista
@article{tpa,
  author={G.Cabiddu and E.Cesena and R.Sassu and D.Vernizzi and G.Ramunno and A.Lioy},
  title={{Trusted Platform Agent}},
  journal = {IEEE Software},
  volume = {28},
  number = {2},
  month = {March-April},
  year = {2011},
  pages = {35--41},
  doi = {10.1109/MS.2010.160}
}

% esempio citazione capitolo di un libro fatto come collezione di contributi da autori diversi
@incollection{tc,
  author={A.Lioy and G.Ramunno},
  title={Trusted Computing},
  booktitle={Handbook of Information and Communication Security},
  editor={P.Stavroulakis and M.Stamp},
  publisher={Springer},
  year={2010},
  pages={697-717},
  isbn={978-3-642-04116-7},
  doi={10.1007/978-3-642-04117-4_32}
}

 % esempio citazione pagina web di un progetto
@misc{openssl,
  author={{The OpenSSL project}},
  note={\url{http://www.openssl.org/}}
}

% esempio citazione RFC
@misc{tls12, crossref={rfc5246}}

@misc{rfc5246,
  author={T. Dierks and E. Rescorla},
  title={{The Transport Layer Security (TLS) Protocol Version 1.2}},
  howpublished={\rfc{5246}},
  year=2008,
  month=aug,
  doi={10.17487/RFC5246}
}

 % esempio citazione libro
@book{seceng,
  author={Ross J. Anderson},
  title={Security engineering},
  publisher={Wiley},
  year={2008},
  _isbn={978-0-470-06852-6}
}
